@BOOK{Schulte2002,
	title = {Programming Constraint Services},
	publisher = {Springer Verlag},
	year = {2002},
	author = {Schulte, Christian},
	isbn = {3-540-43371-6}
}

@BOOK{Apt2003,
	title = {Principles of Constraint Programming},
	publisher = {Cambridge University Press},
	year = 2003,
	author = {Apt, Krzysztof R.}
	isbn = {978-0-511-06249-0}
}

@MANUAL{eclipse-manual,
	title = {{ECL$^i$PS$^e$}, User Manual},
	year = {2007},
	author = {Aggoun, Abderrahamane and others}
}

@ARTICLE{fernandez00,
	title = {A Comparative Study of Eight Constraint Programming Languages Over the Boolean and Finite Domains},
	author = {Fernández, Antonio~J. and Hill, Patricia~M.},
	year = 2002,
	journal = {Constraints}
}

@MISC{simlib,
  author = {Petr PERINGER},
  title = {{SIMLIB/C++}},
  howpublished = {[online]},
  year = {Naposledy nav¹tíveno 31. 3. 2005},
  url = {http://www.fit.vutbr.cz/~peringer/SIMLIB/}
}

@techreport{csplib,
author= "I.P. Gent and T. Walsh",
title= "CSPLib: a benchmark library for constraints",
institution= "Technical report APES-09-1999",
year= "1999",
note= "Available from http://csplib.cs.strath.ac.uk/. A shorter version
appears in the Proceedings of the 5th International Conference 
on Principles and Practices of Constraint Programming (CP-99)."}
